<record><leader>01667nam a2200445 a 4500</leader><controlfield tag="001">6809046</controlfield><controlfield tag="003">OCoLC</controlfield><controlfield tag="005">20150121115524.0</controlfield><controlfield tag="006">m     o  d        </controlfield><controlfield tag="007">cr unu</controlfield><controlfield tag="008">150121s2015    flua    ob    000 0 eng d</controlfield><datafield ind1=" " ind2=" " tag="020"><subfield code="a">9781466594951</subfield></datafield><datafield ind1=" " ind2=" " tag="020"><subfield code="a">1466594950</subfield></datafield><datafield ind1=" " ind2=" " tag="020"><subfield code="z">9781466594944</subfield></datafield><datafield ind1=" " ind2=" " tag="035"><subfield code="a">ocn883905062</subfield></datafield><datafield ind1=" " ind2=" " tag="037"><subfield code="a">CL0500000535</subfield><subfield code="b">Safari Books Online</subfield></datafield><datafield ind1=" " ind2=" " tag="039"><subfield code="a">exclude</subfield></datafield><datafield ind1=" " ind2=" " tag="040"><subfield code="a">UMI</subfield><subfield code="b">eng</subfield><subfield code="e">rda</subfield><subfield code="e">pn</subfield><subfield code="c">UMI</subfield><subfield code="d">AEU</subfield></datafield><datafield ind1=" " ind2="4" tag="050"><subfield code="a">TK5105.77</subfield></datafield><datafield ind1=" " ind2=" " tag="090"><subfield code="a">Internet Access</subfield><subfield code="b">AEGMCT</subfield></datafield><datafield ind1=" " ind2=" " tag="090"><subfield code="a">Internet Access</subfield><subfield code="b">AEU</subfield></datafield><datafield ind1="0" ind2="0" tag="245"><subfield code="a">Opportunistic mobile social networks /</subfield><subfield code="c">edited by Jie Wu and Yunsheng Wang.</subfield></datafield><datafield ind1=" " ind2="1" tag="264"><subfield code="a">Boca Raton, FL :</subfield><subfield code="b">CRC Press,</subfield><subfield code="c">[2015]</subfield></datafield><datafield ind1=" " ind2="4" tag="264"><subfield code="c">&#169;2015.</subfield></datafield><datafield ind1=" " ind2=" " tag="300"><subfield code="a">1 online resource (xxxviii, 493 pages) :</subfield><subfield code="b">illustrations</subfield></datafield><datafield ind1=" " ind2=" " tag="336"><subfield code="a">text</subfield><subfield code="b">txt</subfield><subfield code="2">rdacontent</subfield></datafield><datafield ind1=" " ind2=" " tag="337"><subfield code="a">computer</subfield><subfield code="b">c</subfield><subfield code="2">rdamedia</subfield></datafield><datafield ind1=" " ind2=" " tag="338"><subfield code="a">online resource</subfield><subfield code="b">cr</subfield><subfield code="2">rdacarrier</subfield></datafield><datafield ind1=" " ind2=" " tag="504"><subfield code="a">Includes bibliographical references.</subfield></datafield><datafield ind1=" " ind2=" " tag="506"><subfield code="a">Access restricted to authorized users and institutions.</subfield></datafield><datafield ind1=" " ind2=" " tag="588"><subfield code="a">Description based on online resource; title from title page (Safari, viewed January 14, 2015).</subfield></datafield><datafield ind1=" " ind2=" " tag="596"><subfield code="a">44</subfield></datafield><datafield ind1=" " ind2="0" tag="650"><subfield code="a">Ad hoc networks (Computer networks)</subfield></datafield><datafield ind1=" " ind2="0" tag="650"><subfield code="a">Mobile computing.</subfield></datafield><datafield ind1=" " ind2="0" tag="650"><subfield code="a">Online social networks.</subfield></datafield><datafield ind1="1" ind2=" " tag="700"><subfield code="a">Wu, Jie,</subfield><subfield code="d">1961-</subfield><subfield code="e">editor.</subfield></datafield><datafield ind1="1" ind2=" " tag="700"><subfield code="a">Wang, Yunsheng,</subfield><subfield code="d">1984-</subfield><subfield code="e">editor.</subfield></datafield><datafield ind1="4" ind2="0" tag="856"><subfield code="3">University of Alberta Access</subfield><subfield code="u">http://proquest.safaribooksonline.com/?uiCode=ualberta&amp;xmlId=9781466594944</subfield></datafield><datafield ind1=" " ind2=" " tag="949"><subfield code="a">Internet Access</subfield><subfield code="h">UAIN</subfield><subfield code="m">GR_MAC_INT</subfield><subfield code="z">SAFMAC</subfield></datafield><datafield ind1=" " ind2=" " tag="926"><subfield code="a">Internet Access</subfield><subfield code="w">LC</subfield><subfield code="c">1</subfield><subfield code="i">6809046-1001</subfield><subfield code="l">INTERNET</subfield><subfield code="m">UAINTERNET</subfield><subfield code="r">Y</subfield><subfield code="s">Y</subfield><subfield code="t">E-RESOURCE</subfield><subfield code="u">2/23/2015</subfield><subfield code="x">E-BOOK</subfield><subfield code="z">SAFARI</subfield></datafield></record>